@misc{solomon_dataset,
  author       = {Dorronsoro, Bernabé},
  title        = {VRP Benchmarks: Solomon Instances},
  year         = {2007},
  url          = {https://www.bernabe.dorronsoro.es/vrp/index.html},
  note         = {Accessed: 2025-07-15}
}

@book{toth_vigo_vrp,
  editor    = {Paolo Toth and Daniele Vigo},
  title     = {Vehicle Routing: Problems, Methods, and Applications},
  edition   = {2nd},
  year      = {2014},
  publisher = {Society for Industrial and Applied Mathematics and Mathematical Optimization Society},
  address   = {Philadelphia},
  isbn      = {978-1-61197-359-4}
}

@misc{fig_cvrptw,
  author = {Pillac, Victor and Gendreau, Michel and Guéret, Christian and Medaglia, Andrés L.},
  title = {The CVRP with Time Windows (CVRPTW)},
  howpublished = {\url{https://www.researchgate.net/figure/The-CVRP-with-Time-Windows-CVRPTW_fig3_319754352}},
  year = {2013},
  note = {Accessed: 2025-07-15}
}